@unpublished{sysbox,
  author = "Nestybox",
  title = "Sysbox (Github)",
  note = "https://github.com/nestybox/sysbox (visited 2021-02-04)"
}

@unpublished{github_kubernetes,
    author = "Kubernetes",
    title = "Kubernetes (Github)",
    note = "https://github.com/kubernetes/kubernetes (visited 2021-02-22)"
}

@unpublished{k8s_docs,
    author = "Kubernetes",
    title = "Kubernetes Documentation",
    note = "https://kubernetes.io/docs/home/ (visited 2021-02-22)"
}

@unpublished{oci_spec,
    author = "The Linux foundation",
    title = "About the Open Container Initiative",
    note = "https://opencontainers.org/about/overview/ (visited 2021-02-04)"
}

@unpublished{cncf_report,
  author = "CNCF",
  title = "CNCF Survey 2019",
  note = "https://www.cncf.io/wp-content/uploads/2020/08/CNCF_Survey_Report.pdf (visited 2021-02-22)"
}

@unpublished{redhat_orchestrator,
    author = "Red Hat",
    title = "What is container orchestration?",
    note = "https://www.redhat.com/en/topics/containers/what-is-container-orchestration  (visited 2021-02-22)"
}

@unpublished{orchestor_popularity,
    author = "Steven J. Vaughan-Nichols",
    title = "Just how popular is Kubernetes",
    note = "https://www.zdnet.com/article/just-how-popular-is-kubernetes/ (visited 2021-02-22)"
}

@unpublished{redhat_devops,
    author = "Red Hat",
    title = "Understanding DevOps",
    note = "https://www.redhat.com/en/topics/devops (visited 2021-02-23)"
}

@unpublished{redhat_cicd,
    author = "Red Hat",
    title = "What is CI/CD?",
    note = "https://www.redhat.com/en/topics/devops/what-is-ci-cd (visited 2021-02-28)"
}

@unpublished{oci_slides,
    author = "Akihiro Suda",
    title = "Comparing Next-Generation Container Image Building Tools",
    note = "https://www.slideshare.net/AkihiroSuda/comparing-nextgeneration-container-image-building-tools (visited 2020-02-28)"
}

@unpublished{github_buildkit,
    author = "BuildKit",
    title = "BuildKit (Github)",
    note = "https://github.com/moby/buildkit (visited 2021-03-01)"
}

@unpublished{github_img,
    author = "Img",
    title = "Img (Github)",
    note = "https://github.com/genuinetools/img (visited 2021-03-01)"
}

@unpublished{github_buildah,
    author = "Buildah",
    title = "Buildah (Github)",
    note = "https://github.com/containers/buildah (visited 2021-03-01)"
}

@unpublished{github_kaniko,
    author = "Kaniko",
    title = "Kaniko (Github)",
    note = "https://github.com/GoogleContainerTools/kaniko (visited 2021-03-01)"
}

@unpublished{github_jib,
    author = "Jib",
    title = "Jib (Github)",
    note = "https://github.com/GoogleContainerTools/jib (visited 2021-03-01)"
}

@INPROCEEDINGS{ux_understand,  
    author={H. {Tokkonen} and P. {Saariluoma}},  
    booktitle={2013 Science and Information Conference},   
    title={How user experience is understood?},   
    year={2013},  
    volume={},  
    number={},  
    pages={791-795},  
    doi={}
}

@article{user_tests,
    author = {Bastien, J.},
    year = {2009},
    month = {05},
    pages = {e18-23},
    title = {Usability testing: A review of some methodological and technical aspects of the method},
    volume = {79},
    journal = {International journal of medical informatics},
    doi = {10.1016/j.ijmedinf.2008.12.004}
}








@Article{cost_analysis,
    author={de Assun{\c{c}}{\~a}o, Marcos Dias
    and di Costanzo, Alexandre
    and Buyya, Rajkumar},
    title={A cost-benefit analysis of using cloud computing to extend the capacity of clusters},
    journal={Cluster Computing},
    year={2010},
    month={Sep},
    day={01},
    volume={13},
    number={3},
    pages={335-347},
    issn={1573-7543},
    doi={10.1007/s10586-010-0131-x},
    url={https://doi.org/10.1007/s10586-010-0131-x}
}

@INPROCEEDINGS{serverless,
  author={G. {McGrath} and P. R. {Brenner}},
  booktitle={2017 IEEE 37th International Conference on Distributed Computing Systems Workshops (ICDCSW)},
  title={Serverless Computing: Design, Implementation, and Performance},
  year={2017},
  volume={},
  number={},
  pages={405-410},
  doi={10.1109/ICDCSW.2017.36}
}

@INPROCEEDINGS{vms_function,  
    author={G. {Tong} and H. {Jin} and X. {Xie} and W. {Cao} and P. {Yuan}},  
    booktitle={2011 IEEE Asia-Pacific Services Computing Conference},   
    title={Measuring and Analyzing CPU Overhead of Virtualization System},   
    year={2011},  
    volume={},  
    number={},  
    pages={243-250},  
    doi={10.1109/APSCC.2011.40}
}

@INPROCEEDINGS{linux_containers,  
    author={Á. {Kovács}},  
    booktitle={2017 40th International Conference on Telecommunications and Signal Processing (TSP)},   
    title={Comparison of different Linux containers},   
    year={2017},  
    volume={},  
    number={},  
    pages={47-51},  
    doi={10.1109/TSP.2017.8075934}
}

@ARTICLE{continuous_integration,  
    author={M. {Meyer}},  
    journal={IEEE Software},   
    title={Continuous Integration and Its Tools},   
    year={2014},  
    volume={31},  
    number={3},  
    pages={14-16},  
    doi={10.1109/MS.2014.58}
}

@INPROCEEDINGS{ci_containers,  
    author={S. {Garg} and S. {Garg}},  
    booktitle={2019 IEEE Conference on Multimedia Information Processing and Retrieval (MIPR)},   
    title={Automated Cloud Infrastructure, Continuous Integration and Continuous Delivery using Docker with Robust Container Security},   
    year={2019},  
    volume={},  
    number={},  
    pages={467-470},  
    doi={10.1109/MIPR.2019.00094}
}

@article{cloud_info,
    author = {Srivastava, Priyanshu and Khan, Rizwan},
    year = {2018},
    month = {06},
    pages = {17},
    title = {A Review Paper on Cloud Computing},
    volume = {8},
    journal = {International Journal of Advanced Research in Computer Science and Software Engineering},
    doi = {10.23956/ijarcsse.v8i6.711}
}

@inproceedings{whatiscloud,
    author = {Bairagi, Swati and Bang, Annkur},
    year = {2015},
    month = {03},
    pages = {},
    title = {Cloud Computing: History, Architecture, Security Issues}
}

@article{architectures,
    author = {Naren.J, and Sowmya, S.K. and Deepika, P.},
    year = {2014},
    month = {06},
    pages = {4477 - 4480},
    title = {Layers of Cloud – IaaS, PaaS and SaaS: A Survey},
    volume = {Vol. 5 (3)},
    journal = {International Journal of Computer Science and Information Technology}
}

@article{vm_arch,  
    author={J. E. {Smith} and  {Ravi Nair}},  journal={Computer},   
    title={The architecture of virtual machines},   
    year={2005},  
    volume={38},  
    number={5},  
    pages={32-38},  
    doi={10.1109/MC.2005.173}
}

@INPROCEEDINGS{what_containers,  
    author={S. {Singh} and N. {Singh}},  
    booktitle={2016 2nd International Conference on Applied and Theoretical Computing and Communication Technology (iCATccT)},   
    title={Containers   Docker: Emerging roles   future of Cloud technology},   
    year={2016},  
    volume={},  
    number={},  
    pages={804-807},  
    doi={10.1109/ICATCCT.2016.7912109}
}

@inproceedings{container_runtimes,
    author = {Espe, Lennart and Jindal, Anshul and Podolskiy, Vladimir and Gerndt, Michael},
    year = {2020},
    month = {01},
    pages = {273-281},
    title = {Performance Evaluation of Container Runtimes},
    doi = {10.5220/0009340402730281}
}

@inproceedings{waterfall_agile,
    author = {Van Casteren, Wilfred},
    year = {2017},
    month = {02},
    pages = {},
    title = {The Waterfall Model and the Agile Methodologies : A comparison by project characteristics},
    doi = {10.13140/RG.2.2.36825.72805}
}

@article{cd_problems,
    title = {Problems, causes and solutions when adopting continuous delivery—A systematic literature review},
    journal = {Information and Software Technology},
    volume = {82},
    pages = {55-79},
    year = {2017},
    issn = {0950-5849},
    doi = {https://doi.org/10.1016/j.infsof.2016.10.001},
    url = {https://www.sciencedirect.com/science/article/pii/S0950584916302324},
    author = {Eero Laukkanen and Juha Itkonen and Casper Lassenius},
    keywords = {Continuous integration, Continuous delivery, Continuous deployment, Systematic literature review},
}

@ARTICLE{cloud_economics,
    author={J. {Weinman}},  
    journal={IEEE Cloud Computing},   
    title={The Nuances of Cloud Economics},   
    year={2014},  
    volume={1},  
    number={4},  
    pages={88-92},  
    doi={10.1109/MCC.2014.91}
}





















%@book{Lamp94,
%	author =	"L. Lamport",
%	title =		"\LaTeX\ users guide \& reference manual",
%	address =	"London",
%	year =		"1994",
%	publisher =	"Addison-Wesley",
%}
%
%@unpublished{Lamp04,
%	author =	"L. Lamport",
%	title =		"{Text Processing using LaTeX}",
%	note=		"http://www-h.eng.cam.ac.uk/help/tpl/textprocessing/ (visited 2004-12-29)"
%}
%
%@unpublished{Oe04,
%	author =	"T. Oetiker, H. Partl, I. Hyna and E. Schlegel",
%	title =		"{The Not So Short Introduction to $LaTeX 2_\epsilon$}",
%	note=		"http://www.ctan.org/tex-archive/info/lshort/english/lshort.pdf (visited 2004-12-29)",
%}
%
%@article{DenGW81,
%	author =        "J. E. Dennis and D. M. Gay and R. E. Welsch",
%	year =          "1981",
%	journal =       "ACM Trans. Math. Software",
%	pages =         "348-368",
%	title =         "An adaptive nonlinear least-squares algorithm",
%	volume =        "7"
%}
%
%@book{Gay84,
%	author =        "D. M. Gay",
%	booktitle =     "Proceedings of the 1983 Dundee conference on numerical analysis",
%	address =       "Berlin, Heidelberg, New York, Tokyo",
%	year =          "1984",
%	editor =        "D. F. Griffiths",
%	publisher =     "Springer Verlag",
%	pages =         "72-105",
%	series =        "Lectures notes in mathematics 1066",
%	title =         "A trust-region approach to linearly constrained optimization"
%}
%
%@book{Powe70,
%	author =	"M. J. D. Powell",
%	booktitle =	"Numerical methods for nonlinear algebraic equations",
%	address =	"London",
%	year =		"1970",
%	editor =	"P. Rabinowitz",
%	publisher =	"Gordon and Breach",
%	pages =		"87-161",
%	title =		"A hybrid method for nonlinear equations"
%}
%
%@techreport{PerL04,
%	author =	"P. Lindström",
%	title =		"{Writing Thesis Reports at CS-UmU using LaTeX}",
%	address =	"Umeå, Sweden",
%	year =		"not published",
%	institution =	"Dept. of Comp. Sc., Umeå University",
%}
%
%@techreport{Wedi72,
%	author =	"P.-\AA\ Wedin",
%	address =	"Lund, Sweden",
%	year =		"1972",
%	institution =	"Dept. of Comp. Sc., University of Lund",
%	title =		"The nonlinear least squares problem from a numerical point of view, - Geometrical properties"
%}
%
%@techreport{Das82,
%	author =	"A. Das",
%	address =	"Blacksburg, Virginia",
%	year =		"1982",
%	institution =	"Virginia Polytechnic Institute and State University",
%	title =		"An active-constraint logic for nonlinear programming"
%}
%